<?xml version="1.0" encoding="UTF-8"?><collection xmlns="http://www.loc.gov/MARC21/slim"><record><leader>00451nam--2200133-i-4500</leader><controlfield tag="001">000030576</controlfield><controlfield tag="002">20161230</controlfield><controlfield tag="005">20161230201038</controlfield><controlfield tag="008">060222s1000------------r-----000-0-eng-d</controlfield><datafield ind1=" " ind2=" " tag="100"><subfield code="a">Moldauer, P.A., Yiftan S., Okrent, D</subfield></datafield><datafield ind1=" " ind2=" " tag="245"><subfield code="a">Fast reactor cross sections. a study leading to 16 group set</subfield></datafield><datafield ind1=" " ind2=" " tag="260"><subfield code="a">London, Pergamon Press, 1960. 130p</subfield></datafield><datafield ind1=" " ind2=" " tag="490"><subfield code="a">International Series Of Monographs On Nuclear Energy. Division Ii: Nuclear Physics</subfield></datafield><datafield ind1=" " ind2=" " tag="852"><subfield code="a">15906</subfield></datafield></record></collection>